<?xml version="1.0" encoding="UTF-8"?><collection xmlns="http://www.loc.gov/MARC21/slim"><record><leader>00488nam--2200169-i-4500</leader><controlfield tag="001">000010486</controlfield><controlfield tag="002">20161230</controlfield><controlfield tag="005">20161230201028</controlfield><controlfield tag="008">060222s1000------------r-----000-0-eng-d</controlfield><datafield ind1=" " ind2=" " tag="040"><subfield code="a">IFIN-HH</subfield></datafield><datafield ind1=" " ind2=" " tag="080"><subfield code="a">539.172.3:539.2:015</subfield></datafield><datafield ind1="1" ind2=" " tag="100"><subfield code="a">Chrisman, Bruce Lowel</subfield></datafield><datafield ind1="1" ind2="0" tag="245"><subfield code="a">Mossbauer time-reversal studies</subfield><subfield code="b">Dissertation</subfield><subfield code="c">Bruce lowel chrisman</subfield></datafield><datafield ind1=" " ind2=" " tag="260"><subfield code="a">Ann Arbor, Michigan</subfield><subfield code="b">University Microfilms</subfield><subfield code="c">1971</subfield></datafield><datafield ind1=" " ind2=" " tag="300"><subfield code="a">62 P</subfield></datafield><datafield ind1=" " ind2=" " tag="852"><subfield code="a">37873</subfield><subfield code="c">539.163.2</subfield></datafield><datafield ind1=" " ind2=" " tag="CAT"><subfield code="a">Sys</subfield><subfield code="c">20120524</subfield><subfield code="h">141726</subfield></datafield></record></collection>